@IEEEtranBSTCTL{IEEEexample:BSTcontrol,
CTLuse_forced_etal       = "yes",
CTLmax_names_forced_etal = "3",
CTLnames_show_etal       = "2"
}
@book{InfH,
address = {M\"{u}nchen -- Wien},
author = {Rechenberg, Peter and Pomberger, Gustav and Blaschek, G\"{u}nther and Bode, Arndt and Bohn, Wilhelm Friedrich and Borrmann, Lothar and Buchberger, Bruno},
edition = {4th},
publisher = {Hanser Verlag},
title = {{Informatik Handbuch}},
year = {2006}
}
@misc{APCW2006,
note = {letzter Zugriff am 23.05.2021},
author = {{Association for Progressive Communications}},
title = {{Wireless technology is irreplaceable for providing access in remote and scarcely populated regions}},
url = {http://www.apc.org/en/news/strategic/world/wireless-technology-irreplaceable-providing-access},
year = {2006}
}

@misc{hooks,
author={react.dev},
title = {{Hooks}},
url = {https://react.dev/reference/react/hooks},
year= {2023}

}

@misc{useEffect,
  author       = {react.dev},
  url = {https://react.dev/reference/react/useEffect},
  title        = {{useEffect hook}},
  year         = {2023},
}

@misc{Synchronizing-with-effects,
  author       = {react.dev},
  url = {https://react.dev/learn/synchronizing-with-effects},
  title        = {{Synchronizing with Effects}},
  year         = {2023},
}

@misc{useCallback,
  author       = {react.dev},
  url = {https://react.dev/reference/react/useCallback},
  title        = {{useCallback}},
  year         = {2023},
}
@misc{useFocusEffect,
  author       = {reactnavigation.org},
  url = {https://reactnavigation.org/docs/use-focus-effect/},
  title        = {{useFocusEffect}},
  year         = {2023},
}

@misc{issuesWithUseEffect,
  author       = {StackOverflow},
  url = {https://stackoverflow.com/questions/60182942/useeffect-not-called-in-react-native-when-back-to-screen},
  title        = {{useEffect not called in React Native when back to screen}},
  year         = {2020},
}

@misc{androidFetch,
  author       = {StackOverflow},
  url = {https://stackoverflow.com/questions/33704130/react-native-android-fetch-failing-on-connection-to-local-api},
  title        = {{fetching data from localhost on android}},
  year         = {2016}
}

@misc{suspense,
  author       = {react.dev},
  url = {https://react.dev/reference/react/Suspense},
  title        = {{Suspenses}},
  year         = {2023}
}

@misc{lazyLoading,
  author       = {react.dev},
  url = {https://react.dev/reference/react/lazy},
  title        = {{Lazy Loading}},
  year         = {2023}
}

@misc{installFlags,
  author       = {Shaharyar Saleem},
  url = {https://www.linkedin.com/pulse/npm-install-legacy-peer-deps-vs-force-shaharyar-saleem/},
  title        = {{npm install --legacy-peer-deps vs --force}},
  year         = {2023}
}

@misc{depcheck,
  author       = {npmjs.com depcheck},
  url = {https://www.npmjs.com/package/depcheck},
  title        = {{Wie funktioniert depcheck}},
  year         = {2023}
}

@misc{libjsexecutor,
  author       = {facebook/react-native github mhrpatel12},
  url = {https://github.com/facebook/react-native/issues/25537},
  title        = {{couldn't find DSO to load: libjscexecutor.so caused by: dlopen failed: library "libjsc.so" not found}},
  year         = {2019}
}


@misc{cms,
  author       = {Fred Churchville},
  url  = {https://www.computerweekly.com/de/definition/Content-Management-System-CMS},
  title        = {{Content-Management-System (CMS)}},
  year         = {2021}
}

@misc{cross-plattform,
  author       = {Lennart Hahn},
  url = {https://www.itportal24.de/ratgeber/cross-platform-app},
  title        = {{Cross-Platform App – Plattformübergreifende Entwicklung mit Flutter, React Native \& Co.}},
  year         = {2023}
}

@misc{strapi-vs-wordpress,
  author       = {Chalita Wannakhao},
  url = {https://www.trienpont.com/strapi-vs-wordpress-which-one-should-you-use-for-your-next-cms-project/#:~:text=Strapi%20is%20again%20the%20winner,that%20need%20to%20be%20upd},
  title        = {{Strapi vs. WordPress}},
  year         = {2022}
}

@misc{ionic-vs-react-native,
  author       = {Adhithi Ravichandran},
  url = {https://blog.logrocket.com/react-native-vs-ionic/#ioninc-vs-react-native},
  title        = {React Native vs. Ionic},
  year         = {2023}
}

@misc{flutter-vs-react-native,
  author       = {Lennart Hahn},
  url = {https://www.itportal24.de/ratgeber/flutter-vs-react-native#React-vs-Flutter},
  title        = {{Flutter vs. React Native}},
  year         = {2023}
}

@misc{xamarin-vs-react-native,
  author       = {Linkedin von Arcitech},
  url = {https://www.linkedin.com/pulse/xamarin-vs-react-native-comprehensive-comparison-cross-platform/},
  title        = {Xamarin vs. React Native},
  year         = {2023}
}

@misc{native-vs-hybrid,
  author       = {yeeply.com},
  note         = {letzter Zugriff am 10.11.2023},
  url = {https://www.yeeply.com/de/blog/was-sind-native-web-und-hybride-apps/},
  title        = {Native vs. hybrid},
  year         = {2023},
  
}

@misc{kotlin-multiplatform-vs-react-native,
  author       = {Nezar Mansour},
  url = {https://www.instabug.com/blog/react-native-vs-kotlin-mutliplatform-guide},
  title        = {React Native vs Kotlin Multiplatform: The 2023 Guide},
  year         = {2023}
}

@misc{headles-cms,
  author       = {ionos},
  url = {https://www.ionos.at/digitalguide/hosting/cms/headless-cms-was-sind-die-vorteile/},
  title        = {Headless CMS},
  year         = {2022}
}


@misc{config-maps,
author = {kubernetes.io},
url          = {https://kubernetes.io/docs/concepts/configuration/configmap/},
title = {{ConfigMaps}},
year         = {2023},
note         = {letzter Zugriff am 18.12.2023},
}




@misc{secrets,
author = {kubernetes.io},
url          = {https://kubernetes.io/docs/concepts/configuration/secret/},
title = {{Secrets}},
year         = {2023},
note         = {letzter Zugriff am 18.12.2023},
}



@misc{envs-k8s,
author = {kubernetes.io},
url          = {https://kubernetes.io/docs/tasks/inject-data-application/define-environment-variable-container/#:~:text=Define%20an%20environment%20variable%20for%20a%20container&text=To%20set%20environment%20variables%2C%20include,envFrom%20fields%20have%20different%20effects.&text=allows%20you%20to%20set%20environment,each%20variable%20that%20you%20name.},
title = {{Secrets}},
year         = {2023},
note         = {letzter Zugriff am 18.12.2023},
}


@misc{container-registry,
  author       = {redhat.com},
  url          = {https://www.redhat.com/en/topics/cloud-native-apps/what-is-a-container-registry#:~:text=A%20container%20registry%20is%20a,as%20part%20of%20DevOps%20processes.},
  title        = {What is a container registry},
  year         = {2022}
}

@misc{pod,
  author       = {kubernetes.io},
  note         = {letzter Zguriff am 19.12.2023},
  url           = {https://kubernetes.io/de/docs/concepts/workloads/pods/},
  title        = {{Pods}},
  year         = {2023}
}



@misc{k8s-deployment,
  author       = {kubernetes.io},
  url = {https://kubernetes.io/docs/concepts/workloads/controllers/deployment/},
  title        = {{Deployments}},
  year         = {2023},
  note         = {letzter Zugriff am 19.12.2023},
}

@misc{k8s-service,
  author       = {kubernetes.io},
  url = {https://kubernetes.io/docs/concepts/services-networking/service/},
  title        = {{Service}},
  year         = {2023},
  note         = {letzter Zugriff am 19.12.2023},
}

@misc{upload-to-ghcr,
  author       = {N+1 BLOG},
  url = {https://nikiforovall.github.io/docker/2020/09/19/publish-package-to-ghcr.html},
  title        = {{Publish images to GitHub Container Registry (ghcr)}},
  year         = {2020}
}


@misc{fire-base-app-distribution,
  author       = {firebase.google.com},
  url          = {https://firebase.google.com/docs/app-distribution?hl=de}, 
  title        = {{Firebase-App-Verteilung}},
  year         = {2023},
  note         = {letzter Zugriff am 20.12.2023},

}
@misc{stress,
author = {Unbekannt},
title = {{Stress}},
url = {https://www.internisten-im-netz.de/fachgebiete/psyche-koerper/stress.html#:~:text=Zeichen%20von%20Nervosit%C3%A4t%20(Z%C3%A4hneknirschen%20in,Stoffwechselst%C3%B6rungen%2C%20Allergien%20und%20Entz%C3%BCndungskrankheiten%20f%C3%BChren.)}
}

@misc{MACOLUTION,
  author       = {Thomas Aichinger},
  url = {https://www.solvistas.com/de/news/solvistas-group-waechst-weiter},
  title        = {MACOLUTION},
  year         = {2023}
}

@misc{ziele,
  author       = {Unbekannt},
  url = {https://karrierebibel.de/ziele-setzen/},
  title        = {Ziele setzen},
  year         = {2023}
}